<record><leader>00000cas a2200000 a 4500</leader><controlfield tag="001">30523987</controlfield><controlfield tag="008">940531d19751997iluwr ne      0   a0eng c</controlfield><datafield ind1=" " ind2=" " tag="010"><subfield code="a">sn 94054345 </subfield></datafield><datafield ind1=" " ind2=" " tag="040"><subfield code="a">NVF</subfield><subfield code="b">eng</subfield><subfield code="c">NVF</subfield><subfield code="d">CVF</subfield><subfield code="d">NVF</subfield><subfield code="d">OCLCQ</subfield><subfield code="d">OCLCF</subfield><subfield code="d">NVF</subfield><subfield code="d">OCLCO</subfield></datafield><datafield ind1="1" ind2=" " tag="029"><subfield code="a">AU@</subfield><subfield code="b">000024363876</subfield></datafield><datafield ind1=" " ind2=" " tag="042"><subfield code="a">pcc</subfield></datafield><datafield ind1=" " ind2=" " tag="043"><subfield code="a">n-us-il</subfield></datafield><datafield ind1="0" ind2=" " tag="130"><subfield code="a">Free press (Wilmington, Ill.)</subfield></datafield><datafield ind1="1" ind2="4" tag="245"><subfield code="a">The free press.</subfield></datafield><datafield ind1=" " ind2=" " tag="260"><subfield code="a">Wilmington, Ill. :</subfield><subfield code="b">G-W Communications,</subfield><subfield code="c">1975-1997.</subfield></datafield><datafield ind1=" " ind2=" " tag="300"><subfield code="a">v.</subfield></datafield><datafield ind1=" " ind2=" " tag="310"><subfield code="a">Weekly</subfield></datafield><datafield ind1="0" ind2=" " tag="362"><subfield code="a">Vol. 1, no. 1 (Sept. 10, 1975)-v. 21, no. 44 (Oct. 29, 1997).</subfield></datafield><datafield ind1=" " ind2=" " tag="580"><subfield code="a">Merged with: Wilmington advocate, to form: Free press advocate.</subfield></datafield><datafield ind1=" " ind2="0" tag="651"><subfield code="a">Wilmington (Will County, Ill.)</subfield><subfield code="v">Newspapers.</subfield></datafield><datafield ind1=" " ind2="7" tag="651"><subfield code="a">Illinois</subfield><subfield code="z">Wilmington (Will County)</subfield><subfield code="2">fast</subfield><subfield code="0">(OCoLC)fst01313355</subfield></datafield><datafield ind1=" " ind2="7" tag="655"><subfield code="a">Newspapers.</subfield><subfield code="2">fast</subfield><subfield code="0">(OCoLC)fst01423814</subfield></datafield><datafield ind1=" " ind2=" " tag="752"><subfield code="a">United States</subfield><subfield code="b">Illinois</subfield><subfield code="c">Will</subfield><subfield code="d">Wilmington.</subfield></datafield><datafield ind1="1" ind2="7" tag="785"><subfield code="t">Wilmington advocate</subfield><subfield code="w">(DLC)sn 88086094</subfield><subfield code="w">(OCoLC)17560562</subfield></datafield><datafield ind1="1" ind2="7" tag="785"><subfield code="t">Free press advocate (Wilmington, Ill.)</subfield><subfield code="w">(DLC)sn2003061803</subfield><subfield code="w">(OCoLC)51998852</subfield></datafield></record>